@misc{Jafari_infra_as_a_code,
  title={Infrastructure as Code: A Reason to Smile},
  author={Jafari Sitakange},
  year={2014},
  url={https://www.thoughtworks.com/insights/blog/infrastructure-code-reason-smile}
}

@misc{Fowler_infra_as_code,
  title={Infrastructure as Code},
  author={Martin Fowler},
  year={2016},
  url={http://martinfowler.com/bliki/}
}

@misc{TW_docker_for_builds,
  title={Docker for builds},
  author={ThoughtWorks},
  year={2015},
  url={https://www.thoughtworks.com/radar/techniques/docker-for-builds}
}

@article{Fowler_continuos_integration,
  title={Continuous Integration},
  author={Marting Fowler},
  year={2006},
  url={http://martinfowler.com/articles/continuousIntegration.html}
}

@misc{Bugwadia_arch_constrains,
  title={Microservices: Five Architectural Constraints},
  author={Jim Bugwadia},
  year={2015},
  url={http://nirmata.com/2015/02/microservices-five-architectural-constraints/}
}

@misc{DZone_CD_guide_v3,
  title={The DZone guide to Continuous Delivery volume III},
  author={John Esposito},
  year={2016},
  url={https://dzone.com/storage/assets/1216574-dzone-continuousdelivery2016.pdf}
}

@article{Merkel_Docker,
  author = {Merkel, Dirk},
  title = {Docker: Lightweight Linux Containers for Consistent Development and Deployment},
  journal = {Linux J.},
  issue_date = {March 2014},
  volume = {2014},
  number = {239},
  month = mar,
  year = {2014},
  issn = {1075-3583},
  articleno = {2},
  url = {http://dl.acm.org/citation.cfm?id=2600239.2600241},
  acmid = {2600241},
  publisher = {Belltown Media},
  address = {Houston, TX}
}

@article{Performance_container_vm,
  title={Performance comparison analysis of linux container and virtual machine for building cloud},
  author={Seo, Kyoung-Taek and Hwang, H and Moon, I and Kwon, O and Kim, B},
  journal={Advanced Science and Technology Letters},
  volume={66},
  pages={105--111},
  year={2014}
}
